@article{simplepaper,
    author    = {Liangliang},
    journal   = {LaTeX Template},
    year      = {2023},
    publisher = {Github},
    title     = {Simple Paper Template for LaTeX},
    url       = {https://github.com/shinyypig/Simple-Paper}
}
